<record><leader>00000cas a22000007a 4500</leader><controlfield tag="001">15159600</controlfield><controlfield tag="008">870206d19271929pauwr ne      0    0eng d</controlfield><datafield ind1=" " ind2=" " tag="010"><subfield code="a">sn 87079964 </subfield></datafield><datafield ind1=" " ind2=" " tag="040"><subfield code="a">NPH</subfield><subfield code="b">eng</subfield><subfield code="c">NPH</subfield><subfield code="d">OCLCQ</subfield></datafield><datafield ind1=" " ind2=" " tag="042"><subfield code="a">msc</subfield></datafield><datafield ind1="0" ind2="0" tag="245"><subfield code="a">Southern Cambria news and the Portage dispatch.</subfield></datafield><datafield ind1=" " ind2=" " tag="260"><subfield code="a">Portage, Pa. :</subfield><subfield code="b">Dispatch Print. Co.,</subfield><subfield code="c">1927-1929.</subfield></datafield><datafield ind1=" " ind2=" " tag="300"><subfield code="a">8 v.</subfield></datafield><datafield ind1=" " ind2=" " tag="310"><subfield code="a">Weekly</subfield></datafield><datafield ind1="0" ind2=" " tag="362"><subfield code="a">Vol. 20, no. 28 (May 20, 1927)-v. 28, no. 17 (Mar. 8, 1929).</subfield></datafield><datafield ind1=" " ind2=" " tag="500"><subfield code="a">Published every Friday.</subfield></datafield><datafield ind1=" " ind2=" " tag="500"><subfield code="a">"A live home journal devoted to the interest of Conemaugh Valley.</subfield></datafield><datafield ind1=" " ind2=" " tag="500"><subfield code="a">Editor: J.W. Mapoles.</subfield></datafield><datafield ind1=" " ind2=" " tag="530"><subfield code="a">Also issued on microfilm.</subfield></datafield><datafield ind1=" " ind2=" " tag="752"><subfield code="a">United States</subfield><subfield code="b">Pennsylvania</subfield><subfield code="c">Cambria</subfield><subfield code="d">Portage.</subfield></datafield><datafield ind1="0" ind2="4" tag="780"><subfield code="t">Southern Cambria news</subfield></datafield><datafield ind1="0" ind2="4" tag="780"><subfield code="t">Portage dispatch (Portage, Pa. : 1912)</subfield><subfield code="w">(DLC)sn 87079966</subfield></datafield><datafield ind1="0" ind2="0" tag="785"><subfield code="t">Cambria dispatch</subfield><subfield code="w">(DLC)sn 87079965</subfield></datafield><datafield ind1="1" ind2=" " tag="029"><subfield code="a">AU@</subfield><subfield code="b">000025809959</subfield></datafield></record>